FITXER 'EXEMPLES.BIB': EXEMPLE DE BASE DE DADES PER AL BibTeX
       Robert Fuster, 23 de maig de 1998, 12 de novembre 2004, 15 de desembre 2004

@STRING{upv = "Universitat Polit{\`e}cnica de Val{\`e}ncia"}

@ARTICLE{vafus,
   author = "Valiente Feruglio, Gabriel and Robert Fuster",
   title = "Typesetting {C}atalan Texts with {\TeX}",
   language = "english",
   journal = "TUGBoat",
   year = 1993,
   volume = 14,
   number = 3,
   pages = "252--259",
   month = sep,
   annote = "Descripci{\'o} dels patrons de tall de paraula,
             proposta de tractament de l'ela geminada i altres
             q{\"u}estions relacionades amb l'{\'u}s del {\TeX}
             en llengua catalana"}

@BOOK{rbjcjmau,
   author = "Rafael Bru and Joan Josep Climent and Josep Mas
             and Ana Urbano",
   title = "{\'A}lgebra {L}ineal",
   language = "spanish",
   publisher = "Servicio de Publicaciones de la " # upv,
   year = 1993,
   address = "Val{\`e}ncia",
   isbn = "8477216304",
   note = "Ref.: SPUPV, 712, 713",
   annote = "Apunts d'{\`A}lgebra Lineal, enfocats
   des d'un punt de vista matricial"}

@BOOK{jinvdma,
   editor = "Robert Fuster",
   title = "Jornades d'Investigaci{\'o} i de foment
                de la multidisciplinarietat",
   language = "catalan",
   publisher = "Servicio de Publicaciones de la " # upv,
   year = 2000,
   address = "Val{\`e}ncia",
   note = "Ref.: SPUPV, 2275",
   isbn = "847721896X"}

@BOOKLET{jcccrf,
   author = "Climent i Coloma, Joan Josep and Cristina Corral
             and Robert Fuster",
   title = "Introducci{\'o}n a la Preparaci{\'o}n de Textos
            con {\LaTeX}",
   language = "spanish",
   address = "Departament de Matem{\`a}tica Aplicada, " # upv,
   month = nov,
   year = 1990,
   howpublished = "Publicaci{\'o}n informal de libre
                  distribuci{\'o}n",
   annote = "Breu introducci{\'o} al {\LaTeX} (versi{\'o} 2.08)"}

@INBOOK{biblamport,
   title = "Using {\textsc{Bib}\TeX}",
   language = "english",
   chapter = "4.3.1",
   pages = "70--71",
   type = "subsection",
   annote = "Descripci{\'o} bastant completa de l'{\'u}s del
                {\textsc{Bib}\TeX}",
   crossref = "lamport2"}

@BOOK{lamport2,
   author = "Leslie Lamport",
   title = "{\LaTeX} {A} Document Preparation System",
   language = "english",
   publisher = "Addison-Wesley",
   year = "1994",
   address = "Reading, Massachusetts",
   edition = "Second",
   isbn = "0201529831",
   annote = "El manual oficial del {\LaTeX}. Aquesta segona
   edici{\'o} en descriu la versi{\'o} {\LaTeXe}. Text d'obligada
   lectura"}

@INCOLLECTION{multiplexat,
   author = "Esteban, Ramon and Reglero, Victor",
   title = "Multiplexat especial de senyals",
   language = "catalan",
   crossref = "jinvdma",
   pages = "103--109"}

@INPROCEEDINGS{goluboverton,
   author = "G. H. Golub and M. L. Overton",
   title = "Convergence of a Two-Stage {R}ichardson Iterative
            Procedure for Solving Systems of Linear Equations",
   language = "english",
   pages = "128--139",
   crossref = "numanalprocNBC"}

@MANUAL{hyperlatex,
   title = "The Hiperlatex Manual",
   language = "english",
   author = "Otfried Cheong",
   organization = "Institute of Information and Computing Sciences.
                              Utrecht University",
   address = "Utrecht, the Netherlands ",
   month = 12 # nov,
   year = 2004,
   url = "http://hyperlatex.sourceforge.net/html/hyperlatex.html"}

@MASTERSTHESIS{siurana,
   author = "Siurana Huete, Leonardo",
   title = "Algoritmos {S}ist{\'o}licos para la resoluci{\'o}n de
            {S}istemas de {E}cuaciones {L}ineales mediante
            {M}{\'e}todos {I}terativos",
   language = "spanish",
   school = "Facultat d'Inform{\`a}tica, " # upv,
   year = 1991,
   address = "Val{\`e}ncia",
   type = "Proyecto final de carrera",
   month = jul}

@MISC{ctan,
   key = "CTAN",
   title = "The Comprehensive {\TeX} Archive Network ({CTAN})",
   language = "english",
   url = {FTP: //ftp.dante.de/tex-archive},
   annote = "{CTAN} {\'e}s una xarxa d'arxius on s'hi poden trobar
             gaireb{\'e} tots els programes, utilitats, paquets...
             relacionats amb el {\TeX}"}}

@PHDTHESIS{liang,
   author = "Frank Mark Liang",
   title = "Word Hy-phen-a-tion by Com-pu-ter",
   language = "english",
   school = "Stanford University",
   year = 1983,
   address =  "Stanford, California",
   month = jun,
   note = "Also avalable as Stanford University, Department of
           Computer Science Report No. STAN-CS-83-977",
   }

@PROCEEDINGS{numanalprocNBC,
   title = "Numerical Analisys (Proceedings of the Ninth Biennal
            Conference), Dundee, Scotland, 1981",
   language = "english",
   year = 1982,
   editor = "G. A. Watson",
   number = 912,
   series = "Lecture notes in Mathematics",
   address = "New York",
   publisher = "Springer Verlag"}

@TECHREPORT{ccamjm,
   author = "Cristina Corral and {\'A}ngeles Mart{\'\i}nez and
             Josep Mas",
   title = "Inplementaci{\'o}n de {P}recondicionadores {P}olinomiales
            {P}aralelos en un {M}ultiprocesador con memoria
            distribuida con {T}opolog{\'\i}a de {M}alla",
   language = "spanish",
   institution = "Departament de Matem{\`a}tica Aplicada, " # upv,
   year = 1994,
   number = 7,
   address = "Val{\`e}ncia",
   type = "Notes de recerca",
   month = sep}

@UNPUBLISHED{btxdoc,
   author = "Oren Patashnik",
   title = "{\textsc{Bib}\TeX}ing",
   language = "english",
   note = "Computer file included in the {\textsc{Bib}\TeX}
           distribution",
   month = "8~" # feb,
   year = 1988,
   annote = "Documentaci{\'o} per a tots els usuaris
   del {\textsc{Bib}\TeX}. Descriu tots els registres i camps
   i explica totes les q{\"u}estions de sintaxi"}

   @ARTICLE{prodi,
   author = "Romano Prodi",
   title = "L'industria dopo l'euro",
   language = "italian",
   journal = "Rivista di economia e politica industriale",
   year = 2002,
   volume = 4,
   pages = "252--259",
   month = oct # "--" # dec,
   note = "Publicaci{\'o} electr{\`o}nica",
   issn = "00197416",
   doi = "10.1430/8105",
   annote = "Descripci{\'o} de l'escenari competitiu de
             la ind{\'u}stria europea. En particular, analitza
             les seues relacions amb els {EUA}, la {Xina} i
             els pa{\"i}sos mediterranis"}

@BOOK{pefu,
   author = "Pedroche i Sánchez, Francesc and Fullana i Alfonso, Màrius Josep",
   title = "Fonaments d'àlgebra lineal amb aplicacions i pràctiques d'ordinador",
   language = "catalan",
   publisher = "Servei de Publicacions de la " # upv,
   year = 1998,
   address = "Val{\`e}ncia",
   note = "Ref.: SPUPV, 98.3510",
   isbn = "8477216037",
   annote = "Un primer curs d'{\`A}lgebra Lineal, enfocat des d'un 
             punt de vista matricial. Inclou algorismes en {M}atlab"}
