
@BOOKLET{TP,
   author = "{TP}: {T}utorials {P}oint",
   title = "{Java} Tutorial, Simply Easy Learning",
   language = "english",
   annote = "Tutorial extens sobre {Java} i les seves característiques bàsiques",
   howpublished = "\url{http://tutorialspoint.com/}",
   note = "[Online;  consultada el 23/04/2013]"
}
@BOOKLET{PF05,
   author = "Paul Fisher",
   title = "An Introduction to {G}raphical {U}ser {I}nterfaces with {Java} {Swing}",
   language = "english",
   address = "Edinburgh Gate, Harlow, Essex CM20 2JE, England",
   year = 2005,
   howpublished = "Pearson Education",
   note ="ISBN: 0321220706",
   annote = "Introducció a la creació de interfícies gràfiques mitjançant {Swing}"
}


%%%%%%%%%%%%%%%%%%%%%%%%%%%%%%%%%%%%%%%%%%%%%%%%%%%%%%%%%%%%%
%%%%%%%%%%%%%  URL %%%%%%%%%%%%%%%%%%%%%%%%%%%%%%%%%%%%%%%%%%
%%%%%%%%%%%%%%%%%%%%%%%%%%%%%%%%%%%%%%%%%%%%%%%%%%%%%%%%%%%%%

@misc{GNU-ca,
  author = {Free {S}oftware {F}oundation},
  title = {Pàgina web de {GNU}},
  howpublished = "\url{http://www.gnu.org/home.ca.html}",
  note = "[Online;  consultada el 19/03/2013]"
}@misc{YJT-en,
  author = {{T}he{N}ew{B}oston},
  title = {Java (Beginner) Programming Tutorials},
  howpublished = "\url{http://www.youtube.com/course?list=ECFE2CE09D83EE3E28 }",
  note = "[Online;  consultada el 20/01/2013]"
}

@misc{kile,
  author = {Kile},
  title = {Pàgina web del projecte de K{}ile a {S}ourceforge},
  howpublished = "\url{http://kile.sourceforge.net/}",
  note = "[Online;  consultada el 04/01/2014]"
 } 
